@misc{prototype,
   author = "Wikipedia",
   title = "{Prototype pattern} --- {W}ikipedia{,} The Free Encyclopedia",
   year = "2023",
   howpublished = {\url{http://en.wikipedia.org/w/index.php?title=Prototype\%20pattern&oldid=1146922755}},
   note = "[Online; accessed 18-April-2023]"
 }